
@book{bishop,
  title={Pattern recognition and machine learning},
  note = "\url{https://www.microsoft.com/en-us/research/uploads/prod/2006/01/Bishop-Pattern-Recognition-and-Machine-Learning-2006.pdf}",
  author={Bishop, Christopher M},
  number={4},
  year={2006},
  publisher={Springer}
}

@book{hastie,
  title={The elements of statistical learning: data mining, inference, and prediction},
  note = "\url{https://hastie.su.domains/Papers/ESLII.pdf}",
  author={Hastie, Trevor and Tibshirani, Robert and Friedman, Jerome H and Friedman, Jerome H},
  year={2009},
  publisher={Springer}
}

@book{rice,
  title={Mathematical statistics and data analysis},
  author={Rice, John},
  year={1995},
  publisher={Duxbury Press}
}

@article{hyfa96,
  title={Sample quantiles in statistical packages},
  author={Hyndman, Rob J and Fan, Yanan},
  journal={The American Statistician},
  volume={50},
  number={4},
  pages={361--365},
  year={1996},
  publisher={Taylor \& Francis}
}

@book{kozw2000,
  title={CRC Standard probability and statistics tables and formulae},
  author={Kokoska, Stephen and Zwillinger, Daniel},
  year={2000},
  publisher={CRC Press}
}